@Book{thomas:1,
  author = 	 {Thomas Erl},
  title = 	 {SOA: Principles of Service Design},
  publisher = {Prentice Hall},
  year = 	 {2007},
  edition = 	 {1st}
}

@Book{thomas:2,
  author = 	 {Thomas Erl},
  title = 	 {Service-Oriented Architecture (SOA): Concepts, Technology, and Design},
  publisher = {Prentice Hall},
  year = 	 {2005}
}

@Online{elemar,
  author = {Elemar JR.},
  title = {Quatro tipos de SOA},
  YEAR = {2011},
  note = {Accessada Jan. 2015},
  url = {http://elemarjr.net/2011/08/03/quatro-tipos-de-soa/},
}

